<record><leader>00000cas a2200000 a 4500</leader><controlfield tag="001">13663505</controlfield><controlfield tag="008">860530d19171943moudn ne      0    0eng d</controlfield><datafield ind1=" " ind2=" " tag="010"><subfield code="a">sn 86063643 </subfield></datafield><datafield ind1=" " ind2=" " tag="040"><subfield code="a">KSH</subfield><subfield code="b">eng</subfield><subfield code="c">KSH</subfield><subfield code="d">NPT</subfield><subfield code="d">MQN</subfield><subfield code="d">NSD</subfield><subfield code="d">OCL</subfield><subfield code="d">OCLCQ</subfield></datafield><datafield ind1=" " ind2=" " tag="042"><subfield code="a">msc</subfield></datafield><datafield ind1="0" ind2="4" tag="245"><subfield code="a">The Nevada daily mail and evening post.</subfield></datafield><datafield ind1=" " ind2=" " tag="260"><subfield code="a">Nevada, Mo. :</subfield><subfield code="b">Southwest Mail Print. Co.,</subfield><subfield code="c">1917-1943.</subfield></datafield><datafield ind1=" " ind2=" " tag="300"><subfield code="a">v. :</subfield><subfield code="b">ill. ;</subfield><subfield code="c">55 cm.</subfield></datafield><datafield ind1=" " ind2=" " tag="310"><subfield code="a">Daily (except Sun.)</subfield></datafield><datafield ind1="0" ind2=" " tag="362"><subfield code="a">Vol. 35, no. 34 (Nov. 1, 1917)-v. 61, no. 7 (Nov. 26, 1943).</subfield></datafield><datafield ind1=" " ind2=" " tag="752"><subfield code="a">United States</subfield><subfield code="b">Missouri</subfield><subfield code="c">Vernon</subfield><subfield code="d">Nevada.</subfield></datafield><datafield ind1="0" ind2=" " tag="775"><subfield code="t">Southwest mail and the weekly post</subfield><subfield code="w">(DLC)sn 90061177</subfield></datafield><datafield ind1="0" ind2="4" tag="780"><subfield code="t">Nevada daily mail (Nevada, Mo. : 1903)</subfield><subfield code="w">(DLC)sn 90061171</subfield></datafield><datafield ind1="0" ind2="4" tag="780"><subfield code="t">Nevada evening post</subfield><subfield code="w">(DLC)sn 90061173</subfield></datafield><datafield ind1="0" ind2="0" tag="785"><subfield code="t">Nevada daily mail (Nevada, Mo. : 1943)</subfield><subfield code="x">1056-3555</subfield><subfield code="w">(DLC)sn 90061174</subfield></datafield><datafield ind1="1" ind2=" " tag="029"><subfield code="a">AU@</subfield><subfield code="b">000022168695</subfield></datafield></record>